<collection xmlns="http://www.loc.gov/MARC21/slim">
<record>
  <leader>01390nam0a2200301 i 450 </leader>
  <controlfield tag="001">IT\ICCU\CNCE\047112</controlfield>
  <controlfield tag="005">20091008000000.0</controlfield>
  <datafield tag="012" ind1=" " ind2=" ">
    <subfield code="a">s.s, erem osra depr (C) 1557 (A)</subfield>
    <subfield code="2">fei</subfield>
  </datafield>
  <datafield tag="100" ind1=" " ind2=" ">
    <subfield code="a">19990212d1557        0itac0103    ba</subfield>
  </datafield>
  <datafield tag="101" ind1=" " ind2=" ">
    <subfield code="a">LAT</subfield>
  </datafield>
  <datafield tag="102" ind1=" " ind2=" ">
    <subfield code="a">IT</subfield>
  </datafield>
  <datafield tag="200" ind1="1" ind2=" ">
    <subfield code="a">℗Sigismundi Nigrisoli Ferrariensis physici clarissimi ℗Aliquot medic ̆facultatis decisiones</subfield>
  </datafield>
  <datafield tag="210" ind1=" " ind2=" ">
    <subfield code="a">Ferrariae</subfield>
    <subfield code="c">apud Franciscum Rubeum</subfield>
    <subfield code="d">1557</subfield>
  </datafield>
  <datafield tag="215" ind1=" " ind2=" ">
    <subfield code="a">\80! c.</subfield>
    <subfield code="d">8ʻ</subfield>
  </datafield>
  <datafield tag="620" ind1=" " ind2=" ">
    <subfield code="a">IT</subfield>
    <subfield code="d">Ferrara</subfield>
  </datafield>
  <datafield tag="700" ind1=" " ind2="1">
    <subfield code="a">Nigrisoli,</subfield>
    <subfield code="b">Sigismondo</subfield>
    <subfield code="3">IT\ICCU\CNCA\012376</subfield>
  </datafield>
  <datafield tag="712" ind1="0" ind2="0">
    <subfield code="a">Rossi, Francesco</subfield>
    <subfield code="c"> &lt;2.&gt;</subfield>
    <subfield code="3">IT\ICCU\CNCT\000397</subfield>
    <subfield code="4">650</subfield>
  </datafield>
  <datafield tag="790" ind1=" " ind2="1">
    <subfield code="a">Nigrisolus,</subfield>
    <subfield code="b">Sigiomundus</subfield>
    <subfield code="3">IT\ICCU\CNCA\021721</subfield>
    <subfield code="z">Nigrisoli, Sigismondo</subfield>
  </datafield>
  <datafield tag="791" ind1="0" ind2="0">
    <subfield code="a">Rubeus, Franciscus</subfield>
    <subfield code="3">IT\ICCU\CNCT\002570</subfield>
    <subfield code="z">Rossi, Francesco &lt;2.&gt;</subfield>
  </datafield>
  <datafield tag="791" ind1="0" ind2="0">
    <subfield code="a">Rubeis, Franciscus de</subfield>
    <subfield code="3">IT\ICCU\CNCT\005397</subfield>
    <subfield code="z">Rossi, Francesco &lt;2.&gt;</subfield>
  </datafield>
  <datafield tag="791" ind1="0" ind2="0">
    <subfield code="a">Roscius, Franciscus</subfield>
    <subfield code="3">IT\ICCU\CNCT\005398</subfield>
    <subfield code="z">Rossi, Francesco &lt;2.&gt;</subfield>
  </datafield>
  <datafield tag="791" ind1="0" ind2="0">
    <subfield code="a">Russus, Franciscus</subfield>
    <subfield code="3">IT\ICCU\CNCT\005399</subfield>
    <subfield code="z">Rossi, Francesco &lt;2.&gt;</subfield>
  </datafield>
  <datafield tag="791" ind1="0" ind2="0">
    <subfield code="a">Rubrius, Franciscus</subfield>
    <subfield code="3">IT\ICCU\CNCT\005400</subfield>
    <subfield code="z">Rossi, Francesco &lt;2.&gt;</subfield>
  </datafield>
  <datafield tag="791" ind1="0" ind2="0">
    <subfield code="a">Rosso, Francesco</subfield>
    <subfield code="3">IT\ICCU\CNCT\005401</subfield>
    <subfield code="z">Rossi, Francesco &lt;2.&gt;</subfield>
  </datafield>
  <datafield tag="801" ind1=" " ind2="3">
    <subfield code="a">IT</subfield>
    <subfield code="b">ICCU</subfield>
    <subfield code="c">20201115</subfield>
  </datafield>
  <datafield tag="899" ind1=" " ind2=" ">
    <subfield code="a">Biblioteca universitaria. Bologna</subfield>
    <subfield code="1">BO0098</subfield>
    <subfield code="2">UBO BU</subfield>
  </datafield>
  <datafield tag="899" ind1=" " ind2=" ">
    <subfield code="a">Biblioteca comunale Ariostea. Ferrara</subfield>
    <subfield code="1">FE0017</subfield>
    <subfield code="2">UFE AR</subfield>
  </datafield>
  <datafield tag="899" ind1=" " ind2=" ">
    <subfield code="a">Biblioteca universitaria Alessandrina. Roma</subfield>
    <subfield code="1">RM0280</subfield>
    <subfield code="2">RML 01</subfield>
  </datafield>
</record>
</collection>
